@article{goldstein2017ordinary,
  title={An ordinary short gamma-ray burst with extraordinary implications: Fermi-GBM detection of GRB 170817A},
  author={Goldstein, A and Veres, P and Burns, E and Briggs, MS and Hamburg, R and Kocevski, D and Wilson-Hodge, CA and Preece, RD and Poolakkil, S and Roberts, OJ and others},
  journal={The Astrophysical Journal Letters},
  volume={848},
  number={2},
  pages={L14},
  year={2017},
  publisher={IOP Publishing}
}

@article{nishizawa2014measuring,
  title = {Measuring speed of gravitational waves by observations of photons and neutrinos from compact binary mergers and supernovae},
  author = {Nishizawa, Atsushi and Nakamura, Takashi},
  journal = {Phys. Rev. D},
  volume = {90},
  issue = {4},
  pages = {044048},
  numpages = {8},
  year = {2014},
  month = {Aug},
  publisher = {American Physical Society},
  doi = {10.1103/PhysRevD.90.044048},
  url = {https://link.aps.org/doi/10.1103/PhysRevD.90.044048},
  	archivePrefix = "arXiv",
	eprint = {1406.5544},
	primaryClass = "gr-qc"
}

@article{will1998bounding,
	doi = {10.1103/physrevd.57.2061},
	url = {https://doi.org/10.1103%2Fphysrevd.57.2061},
	year = 1998,
	month = {feb},
	publisher = {American Physical Society ({APS})},
	volume = {57},
	number = {4},
	pages = {2061--2068},
	author = {Clifford M. Will},
	title = {Bounding the mass of the graviton using gravitational-wave observations of inspiralling compact binaries},
	journal = {\prd},
	archivePrefix = "arXiv",
	eprint = {gr-qc/9709011},
	primaryClass = "gr-qc",
}

@ARTICLE{abbott:2017bnsgrb,
       author = {{Abbott}, B.~P. and others},
        title = "{Gravitational waves and gamma-rays from a binary neutron star merger: GW170817 and GRB 170817A}",
        collaboration  = "LIGO Scientific, Virgo, Fermi-GBM, and INTEGRAL Collaborations",
      journal = {Astrophys. J.},
     keywords = {binaries: close, gamma-ray burst: general, gravitational waves, Astrophysics - High Energy Astrophysical Phenomena, General Relativity and Quantum Cosmology},
         year = "2017",
        month = "Oct",
       volume = {848},
          eid = {L13},
        pages = {L13},
          doi = {10.3847/2041-8213/aa920c},
archivePrefix = {arXiv},
       eprint = {1710.05834},
 primaryClass = {astro-ph.HE},
       adsurl = {https://ui.adsabs.harvard.edu/\#abs/2017ApJ...848L..13A},
      adsnote = {Provided by the SAO/NASA Astrophysics Data System}
}


@article{aDetObsScenario,
      author         = "{Abbott}, B.~P. and others",
      title          = "{Prospects for observing and localizing
                        gravitational-wave transients with advanced LIGO, advanced
                        Virgo and KAGRA}",
      collaboration  = "KAGRA, LIGO Scientific, and Virgo Collaborations",
      eprint         = "1304.0670v4",
      archivePrefix  = "arXiv",
      primaryClass   = "gr-qc",
      reportNumber   = "LIGO-P1200087, VIR-0288A-12",
      SLACcitation   = "%%CITATION = ARXIV:1304.0670;%%"
}
%year           = "2017",
%doi            = "10.1007/lrr-2016-1",

@ARTICLE{ciolfi:15,
	doi = {10.1088/2041-8205/798/2/l36},
	url = {https://doi.org/10.1088%2F2041-8205%2F798%2F2%2Fl36},
	year = 2014,
	month = {dec},
	publisher = {{IOP} Publishing},
	volume = {798},
	number = {2},
	pages = {L36},
	author = {Riccardo Ciolfi and Daniel M. Siegel},
	title = {Short gamma-ray bursts in the \textquotedblleft time-reversal\textquotedblright\ scenario},
	journal = {Astrophys.\ J.},
	archivePrefix = "arXiv",
	eprint = {1411.2015},
	primaryClass = "astro-ph.HE",
}

@ARTICLE{rezzolla:15,
	doi = {10.1088/0004-637x/802/2/95},
	url = {https://doi.org/10.1088%2F0004-637x%2F802%2F2%2F95},
	year = 2015,
	month = {mar},
	publisher = {{IOP} Publishing},
	volume = {802},
	number = {2},
	pages = {95},
	author = {Luciano Rezzolla and Pawan Kumar},
	title = {A novel paradigm for short gamma-ray bursts with extended X-ray emission},
	journal = {\apj},
	archivePrefix = "arXiv",
	eprint = {1410.8560},
	primaryClass = "astro-ph.HE",
}

@article{cornish:17,
  title = {Bounding the Speed of Gravity with Gravitational Wave Observations},
  author = {Cornish, Neil and Blas, Diego and Nardini, Germano},
  journal = {Phys.\ Rev.\ Lett.},
  volume = {119},
  issue = {16},
  pages = {161102},
  numpages = {5},
  year = {2017},
  month = {Oct},
  publisher = {American Physical Society},
  doi = {10.1103/PhysRevLett.119.161102},
  url = {https://link.aps.org/doi/10.1103/PhysRevLett.119.161102}
}

@article{tsang:2012,
  title = {Resonant Shattering of Neutron Star Crusts},
  author = {Tsang, David and Read, Jocelyn S. and Hinderer, Tanja and Piro, Anthony L. and Bondarescu, Ruxandra},
  journal = {Phys.\ Rev.\ Lett.},
  volume = {108},
  issue = {1},
  pages = {011102},
  numpages = {5},
  year = {2012},
  month = {Jan},
  publisher = {American Physical Society},
  doi = {10.1103/PhysRevLett.108.011102},
  url = {https://link.aps.org/doi/10.1103/PhysRevLett.108.011102},
  archivePrefix = "arXiv",
  eprint = {1110.0467},
  primaryClass = "astro-ph.HE",
}

@article{Kostelecky:2008ts,
      author         = "Kosteleck\'y, V. Alan and Russell, Neil",
      journal        = "{\textquotedblleft Data tables for Lorentz and CPT violation\textquotedblright, 2018 Edition,}",
      eprint         = "0801.0287",
      archivePrefix  = "arXiv",
      primaryClass   = "hep-ph",
      reportNumber   = "IUHET-511, IUHET-584, IUHET-591, IUHET-608, IUHET-624,
                        IUHET-627",
      SLACcitation   = "%%CITATION = ARXIV:0801.0287;%%"
}



@ARTICLE{colladay:97,
   author = {{Colladay}, D. and {Kosteleck{\'y}}, V.~A.},
    title = "{CPT violation and the standard model}",
  journal = {Phys.\ Rev.\ D},
   eprint = {hep-ph/9703464},
 keywords = {Charge conjugation parity time reversal and other discrete symmetries, Strings and branes, Models beyond the standard model},
     year = 1997,
    month = jun,
   volume = 55,
    pages = {6760-6774},
      doi = {10.1103/PhysRevD.55.6760},
   adsurl = {http://adsabs.harvard.edu/abs/1997PhRvD..55.6760C},
  adsnote = {Provided by the SAO/NASA Astrophysics Data System}
}

@ARTICLE{colladay:98,
  author = {{Colladay}, D. and {Kosteleck\'y}, V.~A. },
  title = "{Lorentz-violating extension of the standard model}",
  journal = {Phys.\ Rev.\ D},
  year = 1998,
  volume = 58,
  pages = {116002},
  doi = {10.1103/PhysRevD.58.116002},
  Archiveprefix            = {arXiv},
  Eprint                   = {hep-ph/9809521},
  primaryClass   = "hep-ph",
}

@ARTICLE{kostelecky:04,
  Title                    = {{Gravity, Lorentz violation, and the standard model}},
  Author                   = {V A Kosteleck\'y},
  Journal                  = {\prd},
  Year                     = {2004},
  Pages                    = {105009},
  Volume                   = {69},
  Archiveprefix            = {arXiv},
  Doi                      = {10.1103/PhysRevD.69.105009},
  Eprint                   = {hep-th/0312310},
  Owner                    = {jtasson},
  Primaryclass             = {hep-th},
  Reportnumber             = {IUHET-461},
  Slaccitation             = {%%CITATION = HEP-TH/0312310;%%},
  Timestamp                = {2019.06.01}
}

@ARTICLE{tasson:14,
  author         = "Tasson, Jay D.",
      title          = "{What do we know about Lorentz invariance?}",
      journal        = "Rept. Prog. Phys.",
      volume         = "77",
      year           = "2014",
      pages          = "062901",
      doi            = "10.1088/0034-4885/77/6/062901",
      eprint         = "1403.7785",
      archivePrefix  = "arXiv",
      primaryClass   = "hep-ph",
      SLACcitation   = "%%CITATION = ARXIV:1403.7785;%%"
}

@ARTICLE{kostelecky:16,
   author = {{Kosteleck{\'y}}, V.~A. and {Mewes}, M.},
    title = "{Testing local Lorentz invariance with gravitational waves}",
  journal = {Phys.\ Lett.\ B},
archivePrefix = "arXiv",
   eprint = {1602.04782},
 primaryClass = "gr-qc",
     year = 2016,
    month = jun,
   volume = 757,
    pages = {510-514},
      doi = {10.1016/j.physletb.2016.04.040},
   adsurl = {http://adsabs.harvard.edu/abs/2016PhLB..757..510K},
  adsnote = {Provided by the SAO/NASA Astrophysics Data System}
}

@ARTICLE{kostelecky:09,
   author = {{Kosteleck{\'y}}, V.~A. and {Mewes}, M.},
    title = "{Electrodynamics with Lorentz-violating operators of arbitrary dimension}",
  journal = {Phys.\ Rev.\ D},
archivePrefix = "arXiv",
   eprint = {0905.0031},
 primaryClass = "hep-ph",
 keywords = {Lorentz and Poincare invariance, Charge conjugation parity time reversal and other discrete symmetries, Electromagnetic processes and properties},
     year = 2009,
    month = jul,
   volume = 80,
   number = 1,
      eid = {015020},
    pages = {015020},
      doi = {10.1103/PhysRevD.80.015020},
   adsurl = {http://adsabs.harvard.edu/abs/2009PhRvD..80a5020K},
  adsnote = {Provided by the SAO/NASA Astrophysics Data System}
}

@article{Kosteleck2008,
	doi = {10.1086/595815},
	url = {https://doi.org/10.1086%2F595815},
	year = 2008,
	month = {nov},
	publisher = {{IOP} Publishing},
	volume = {689},
	number = {1},
	pages = {L1--L4},
	author = {V. Alan Kosteleck{\'{y}} and Matthew Mewes},
	title = {Astrophysical Tests of Lorentz and {CPT} Violation with Photons},
	journal = {Astrophys. J},
	archivePrefix = "arXiv",
	eprint = {0809.2846},
	primaryClass = "astro-ph",
}

@ARTICLE{kostelecky:08,
	doi = {10.1086/595815},
	url = {https://doi.org/10.1086%2F595815},
	year = 2008,
	month = {nov},
	publisher = {{IOP} Publishing},
	volume = {689},
	number = {1},
	pages = {L1--L4},
	author = {V. Alan Kosteleck{\'{y}} and Matthew Mewes},
	title = {Astrophysical Tests of Lorentz and {CPT} Violation with Photons},
	journal = {Astrophys. J}
}

@ARTICLE{mirshekari:2012,
	doi = {10.1103/physrevd.85.024041},
	url = {https://doi.org/10.1103%2Fphysrevd.85.024041},
	year = 2012,
	month = {jan},
	publisher = {American Physical Society ({APS})},
	volume = {85},
	number = {2},
	author = {Saeed Mirshekari and Nicol{\'{a}}s Yunes and Clifford M. Will},
	title = {Constraining Lorentz-violating, modified dispersion relations with gravitational waves},
	journal = {\prd},
	pages = {024041},
	archivePrefix = "arXiv",
	eprint = {1110.2720},
	primaryClass = "gr-qc",
}

@ARTICLE{GW170104,
   author = {{Abbott}, B.~P. and others},
   collaboration  = "LIGO Scientific and Virgo, Collaborations",
    title = "{GW170104: Observation of a 50-solar-mass binary black hole coalescence at redshift 0.2}",
  journal = {Phys.\ Rev.\ Lett},
archivePrefix = "arXiv",
   eprint = {1706.01812},
 primaryClass = "gr-qc",
     year = 2017,
    month = jun,
   volume = 118,
   number = 22,
      eid = {221101},
    pages = {221101},
      doi = {10.1103/PhysRevLett.118.221101}
}

%----------------------------------------------------------------
%References for low latency pipelines
%----------------------------------------------------------------

%GSTLAL
@ARTICLE{messik:2017pr,
   author = {{Messick}, C. and others
	},
    title = "{Analysis framework for the prompt discovery of compact binary mergers in gravitational-wave data}",
  journal = {Phys.\ Rev.\ D},
archivePrefix = "arXiv",
   eprint = {1604.04324},
 primaryClass = "astro-ph.IM",
     year = 2017,
    month = feb,
   volume = 95,
   number = 4,
      eid = {042001},
    pages = {042001},
      doi = {10.1103/PhysRevD.95.042001},
   adsurl = {http://adsabs.harvard.edu/abs/2017PhRvD..95d2001M},
  adsnote = {Provided by the SAO/NASA Astrophysics Data System}
}

@ARTICLE{sachdev:2019ax,
   author = {{Sachdev}, S. and others},
    title = "{The GstLAL search analysis methods for compact binary mergers in advanced LIGO's second and advanced Virgo's first observing runs}",
  archivePrefix = "arXiv",
   eprint = {1901.08580},
 primaryClass = "gr-qc",
 keywords = {General Relativity and Quantum Cosmology},
    month = jan,
   adsurl = {http://adsabs.harvard.edu/abs/2019arXiv190108580S},
  adsnote = {Provided by the SAO/NASA Astrophysics Data System}
}

%SPIIR
@ARTICLE{hooper:2012pr,
   author = {{Hooper}, S. and {Chung}, S.~K. and {Luan}, J. and {Blair}, D. and 
	{Chen}, Y. and {Wen}, L.},
    title = "{Summed parallel infinite impulse response filters for low-latency detection of chirping gravitational waves}",
  journal = {\prd},
archivePrefix = "arXiv",
   eprint = {1108.3186},
 primaryClass = "gr-qc",
 keywords = {Post-Newtonian approximation, perturbation theory, related approximations, Wave generation and sources, Experimental tests of gravitational theories, Gravitational wave detectors and experiments},
     year = 2012,
    month = jul,
   volume = 86,
   number = 2,
      eid = {024012},
    pages = {024012},
      doi = {10.1103/PhysRevD.86.024012},
   adsurl = {http://adsabs.harvard.edu/abs/2012PhRvD..86b4012H},
  adsnote = {Provided by the SAO/NASA Astrophysics Data System}
}

@phdthesis{chu:2017th,
  author       = {Qui Chu}, 
  title        = {Low-latency detection and localization ofgravitational waves from compact binarycoalescences},
  school       = {School of Physics and Astrophysics, The University of Western Australia},
  year         = 2017,
  note         = {An optional note},
  adsurl = {https://api.research-repository.uwa.edu.au/portalfiles/portal/18509751}
}

%MBTA
@ARTICLE{adams:2016cq,
   author = {{Adams}, T. and {Buskulic}, D. and {Germain}, V. and {Guidi}, G.~M. and 
	{Marion}, F. and {Montani}, M. and {Mours}, B. and {Piergiovanni}, F. and 
	{Wang}, G.},
    title = "{Low-latency analysis pipeline for compact binary coalescences in the advanced gravitational wave detector era}",
  journal = {Class.\ Quantum Gravity},
archivePrefix = "arXiv",
   eprint = {1512.02864},
 primaryClass = "gr-qc",
     year = 2016,
    month = sep,
   volume = 33,
   number = 17,
      eid = {175012},
    pages = {175012},
      doi = {10.1088/0264-9381/33/17/175012},
   adsurl = {http://adsabs.harvard.edu/abs/2016CQGra..33q5012A},
  adsnote = {Provided by the SAO/NASA Astrophysics Data System}
}

%PyCBC Live
@ARTICLE{nitz:2017ap,
   author = {{Nitz}, A.~H. and {Dent}, T. and {Dal Canton}, T. and {Fairhurst}, S. and 
	{Brown}, D.~A.},
    title = "{Detecting Binary Compact-object Mergers with Gravitational Waves: Understanding and Improving the Sensitivity of the PyCBC Search}",
  journal = {\apj},
archivePrefix = "arXiv",
   eprint = {1705.01513},
 primaryClass = "gr-qc",
 keywords = {black hole physics, gravitational waves, stars: neutron},
     year = 2017,
    month = nov,
   volume = 849,
      eid = {118},
    pages = {118},
      doi = {10.3847/1538-4357/aa8f50},
   adsurl = {http://adsabs.harvard.edu/abs/2017ApJ...849..118N},
  adsnote = {Provided by the SAO/NASA Astrophysics Data System}
}

@ARTICLE{dalcanton:2017ar,
   author = {{Dal Canton}, T. and {Harry}, I.~W.},
    title = "{Designing a template bank to observe compact binary coalescences in Advanced LIGO's second observing run}",
  journal = {arXiv e-prints},
archivePrefix = "arXiv",
   eprint = {1705.01845},
 primaryClass = "gr-qc",
 keywords = {General Relativity and Quantum Cosmology},
     year = 2017,
    month = may,
   adsurl = {http://adsabs.harvard.edu/abs/2017arXiv170501845D},
  adsnote = {Provided by the SAO/NASA Astrophysics Data System}
}

%cWB
@ARTICLE{klimenko2016pr,
   author = {{Klimenko}, S. and {Vedovato}, G. and {Drago}, M. and {Salemi}, F. and 
	{Tiwari}, V. and {Prodi}, G.~A. and {Lazzaro}, C. and {Ackley}, K. and 
	{Tiwari}, S. and {Da Silva}, C.~F. and {Mitselmakher}, G.},
    title = "{Method for detection and reconstruction of gravitational wave transients with networks of advanced detectors}",
  journal = {\prd},
archivePrefix = "arXiv",
   eprint = {1511.05999},
 primaryClass = "gr-qc",
     year = 2016,
    month = feb,
   volume = 93,
   number = 4,
      eid = {042004},
    pages = {042004},
      doi = {10.1103/PhysRevD.93.042004},
   adsurl = {http://adsabs.harvard.edu/abs/2016PhRvD..93d2004K},
  adsnote = {Provided by the SAO/NASA Astrophysics Data System}
}

%oLIB
@ARTICLE{lynch:2017pr,
   author = {{Lynch}, R. and {Vitale}, S. and {Essick}, R. and {Katsavounidis}, E. and 
	{Robinet}, F.},
    title = "{Information-theoretic approach to the gravitational-wave burst detection problem}",
  journal = {\prd},
     year = 2017,
    month = may,
   volume = 95,
   number = 10,
      eid = {104046},
    pages = {104046},
      doi = {10.1103/PhysRevD.95.104046},
   adsurl = {http://adsabs.harvard.edu/abs/2017PhRvD..95j4046L},
  adsnote = {Provided by the SAO/NASA Astrophysics Data System}
}

%RAVEN
@PHDTHESIS{urban:2016ph,
   author = {{Urban}, A.~L.},
    title = "{Monsters in the Dark: High Energy Signatures of Black Hole Formation with Multimessenger Astronomy}",
   school = {University of Wisconsin Milwaulkee},
     year = 2016,
    month = May,
   adsurl = {http://adsabs.harvard.edu/abs/2016PhDT.........8U},
  adsnote = {Provided by the SAO/NASA Astrophysics Data System}
}

%LLAMA
@ARTICLE{bartos:2018ar,
   author = {{Bartos}, I. and {Veske}, D. and {Keivani}, A. and {Marka}, Z. and 
	{Countryman}, S. and {Blaufuss}, E. and {Finley}, C. and {Marka}, S.
	},
    title = "{Bayesian Multi-Messenger Search Method for Common Sources of Gravitational Waves and High-Energy Neutrinos}",
  journal = {arXiv e-prints},
archivePrefix = "arXiv",
   eprint = {1810.11467},
 primaryClass = "astro-ph.HE",
 keywords = {Astrophysics - High Energy Astrophysical Phenomena},
     year = 2018,
    month = oct,
   adsurl = {http://adsabs.harvard.edu/abs/2018arXiv181011467B},
  adsnote = {Provided by the SAO/NASA Astrophysics Data System}
}

@ARTICLE{countryman:2019ar,
   author = {{Countryman}, S. and {Keivani}, A. and {Bartos}, I. and {Marka}, Z. and 
	{Kintscher}, T. and {Corley}, R. and {Blaufuss}, E. and {Finley}, C. and 
	{Marka}, S.},
    title = "{Low-Latency Algorithm for Multi-messenger Astrophysics (LLAMA) with Gravitational-Wave and High-Energy Neutrino Candidates}",
  journal = {arXiv e-prints},
archivePrefix = "arXiv",
   eprint = {1901.05486},
 primaryClass = "astro-ph.HE",
 keywords = {Astrophysics - High Energy Astrophysical Phenomena},
     year = 2019,
    month = jan,
   adsurl = {http://adsabs.harvard.edu/abs/2019arXiv190105486C},
  adsnote = {Provided by the SAO/NASA Astrophysics Data System}
}

@article{Ade:2015,
      author         = "Ade, P. A. R. and others",
      title          = "{Planck 2015 results. XIII. Cosmological parameters}",
      collaboration  = "Planck Collaboration",
      journal        = "Astron. Astrophys.",
      volume         = "594",
      year           = "2016",
      pages          = "A13",
      doi            = "10.1051/0004-6361/201525830",
      eprint         = "1502.01589",
      archivePrefix  = "arXiv",
      primaryClass   = "astro-ph.CO",
      SLACcitation   = "%%CITATION = ARXIV:1502.01589;%%"
}

@article{Jacob:2008,
      author         = "Jacob, Uri and Piran, Tsvi",
      title          = "{Lorentz-violation-induced arrival delays of cosmological
                        particles}",
      journal        = "JCAP",
      volume         = "0801",
      year           = "2008",
      pages          = "031",
      doi            = "10.1088/1475-7516/2008/01/031",
      eprint         = "0712.2170",
      archivePrefix  = "arXiv",
      primaryClass   = "astro-ph",
      SLACcitation   = "%%CITATION = ARXIV:0712.2170;%%"
}

@article{ashton:2018,
doi = {10.3847/1538-4357/aabfd2},
	url = {https://doi.org/10.3847%2F1538-4357%2Faabfd2},
	year = 2018,
	month = {jun},
	publisher = {American Astronomical Society},
	volume = {860},
	number = {1},
	pages = {6},
	author = {G. Ashton and E. Burns and T. Dal Canton and T. Dent and H.-B. Eggenstein and A. B. Nielsen and R. Prix and M. Was and S. J. Zhu},
	title = {Coincident Detection Significance in Multimessenger Astronomy},
	journal = {Astrophys.\ J.},
	archivePrefix = "arXiv",
	eprint = {1712.05392},
	primaryClass = "astro-ph.HE",
}

@article{Zhang_2019,
	doi = {10.1007/s11467-019-0913-4},
	url = {https://doi.org/10.1007%2Fs11467-019-0913-4},
	year = 2019,
	month = {jul},
	publisher = {Springer Science and Business Media {LLC}},
	volume = {14},
	number = {6},
	pages = {64402},
	author = {Bing Zhang},
	title = {The delay time of gravitational wave {\textemdash} gamma-ray burst associations},
	journal = {Front.\ Phys.},
	archivePrefix = "arXiv",
	eprint = {1905.00781},
	primaryClass = "astro-ph.HE"
}
