@article{Shayduk2022,
abstract = {We report generation of ultra-broadband longitudinal acoustic coherent phonon wavepackets in SrTiO 3 (STO) with frequency components extending throughout the first Brillouin zone. The wavepackets are efficiently generated in STO using femtosecond infrared laser excitation of an atomically flat 1.6 nm-thick epitaxial SrRuO 3 film. We use femtosecond x-ray diffraction at the European X-Ray Free Electron Laser Facility to study the dispersion and damping of phonon wavepackets. The experimentally determined damping constants for multi-THz frequency phonons compare favorably to the extrapolation of a simple ultrasound damping model over several orders of magnitude.},
author = {Shayduk, Roman and Hallmann, J{\"{o}}rg and Rodriguez-Fernandez, Angel and Scholz, Markus and Lu, Wei and B{\"{o}}senberg, Ulrike and M{\"{o}}ller, Johannes and Zozulya, Alexey and Jiang, Man and Wegner, Ulrike and Secareanu, Radu-Costin and Palmer, Guido and Emons, Moritz and Lederer, Max and Volkov, Sergey and Lindfors-Vrejoiu, Ionela and Schick, Daniel and Herzog, Marc and Bargheer, Matias and Madsen, Anders},
doi = {10.1063/5.0083256},
issn = {0003-6951},
journal = {Appl. Phys. Lett.},
month = {may},
number = {20},
pages = {202203},
title = {{Femtosecond x-ray diffraction study of multi-THz coherent phonons in SrTiO 3}},
volume = {120},
year = {2022}
}

@article{doi:10.1063/5.0080351,
author = {Steinbach,Felix  and Stetzuhn,Nele  and Engel,Dieter  and Atxitia,Unai  and von Korff Schmising,Clemens  and Eisebitt,Stefan },
title = {Accelerating double pulse all-optical write/erase cycles in metallic ferrimagnets},
journal = {Applied Physics Letters},
volume = {120},
number = {11},
pages = {112406},
year = {2022},
doi = {10.1063/5.0080351},
}

@article{ WOS:000772465600010,
Author = {Mattern, M. and von Reppert, A. and Zeuschner, S. P. and Pudell, J. -E.
   and Kuhne, F. and Diesing, D. and Herzog, M. and Bargheer, M.},
Title = {Electronic energy transport in nanoscale Au/Fe hetero-structures in the
   perspective of ultrafast lattice dynamics},
Journal = {APPLIED PHYSICS LETTERS},
Year = {2022},
Volume = {120},
Number = {9},
Month = {FEB 28},
DOI = {10.1063/5.0080378},
Article-Number = {092401},
ISSN = {0003-6951},
EISSN = {1077-3118},
ORCID-Numbers = {Pudell, Jan-Etienne/0000-0001-8268-444X},
Unique-ID = {WOS:000772465600010},
}


@article{ WOS:000698524000016,
Author = {Schick, Daniel and Borchert, Martin and Braenzel, Julia and Stiel,
   Holger and Tuemmler, Johannes and Buergler, Daniel E. and Firsov,
   Alexander and Schmising, Clemens von Korff and Pfau, Bastian and
   Eisebitt, Stefan},
Title = {Laser-driven resonant magnetic soft-x-ray scattering for probing
   ultrafast antiferromagnetic and structural dynamics},
Journal = {OPTICA},
Year = {2021},
Volume = {8},
Number = {9},
Pages = {1237-1242},
Month = {SEP 20},
DOI = {10.1364/OPTICA.435522},
ISSN = {2334-2536},
ResearcherID-Numbers = {Buergler, Daniel E/I-7408-2012
   Pfau, Bastian/B-4953-2014
   Schick, Daniel/C-5256-2016
   },
ORCID-Numbers = {Buergler, Daniel E/0000-0002-5579-4886
   Pfau, Bastian/0000-0001-9057-0346
   Schick, Daniel/0000-0001-7988-6489
   Borchert, Martin/0000-0001-9200-1198},
Unique-ID = {WOS:000698524000016},
}


@article{ WOS:000749998900012,
Author = {Holstad, Theodor Secanell and Raeder, Trygve Magnus and Carlsen, Mads
   and Knudsen, Erik Bergback and Dresselhaus-Marais, Leora and Haldrup,
   Kristoffer and Simons, Hugh and Nielsen, Martin Meedom and Poulsen,
   Henning Friis},
Title = {X-ray free-electron laser based dark-field X-ray microscopy: a
   simulation-based study},
Journal = {JOURNAL OF APPLIED CRYSTALLOGRAPHY},
Year = {2022},
Volume = {55},
Number = {1},
Pages = {112-121},
Month = {FEB},
DOI = {10.1107/S1600576721012760},
ISSN = {1600-5767},
ResearcherID-Numbers = {Simons, Hugh/AAH-2839-2022
   Simons, Hugh W.B./Q-6357-2016
   Nielsen, Martin Meedom/A-5133-2009
   Haldrup, Kristoffer/J-6875-2013
   Poulsen, Henning Friis/A-4131-2012},
ORCID-Numbers = {Simons, Hugh/0000-0002-3093-9241
   Simons, Hugh W.B./0000-0002-3093-9241
   Dresselhaus-Marais, Leora/0000-0002-0757-0159
   Carlsen, Mads/0000-0002-6954-4132
   Nielsen, Martin Meedom/0000-0002-8135-434X
   Haldrup, Kristoffer/0000-0002-0565-6397
   Poulsen, Henning Friis/0000-0001-7876-4113},
Unique-ID = {WOS:000749998900012},
}

@article{ WOS:000663813500011,
Author = {Schick, Daniel},
Title = {UDKM1DSIM-a Python toolbox for simulating 1D ultrafast dynamics in
   condensed matter},
Journal = {COMPUTER PHYSICS COMMUNICATIONS},
Year = {2021},
Volume = {266},
Month = {SEP},
DOI = {10.1016/j.cpc.2021.108031},
EarlyAccessDate = {MAY 2021},
Article-Number = {108031},
ISSN = {0010-4655},
EISSN = {1879-2944},
ResearcherID-Numbers = {Schick, Daniel/C-5256-2016},
ORCID-Numbers = {Schick, Daniel/0000-0001-7988-6489},
Unique-ID = {WOS:000663813500011},
}

@article{ WOS:000663072300002,
Author = {Bach, N. and Schaefer, S.},
Title = {Ultrafast strain propagation and acoustic resonances in nanoscale
   bilayer systems},
Journal = {STRUCTURAL DYNAMICS-US},
Year = {2021},
Volume = {8},
Number = {3},
Month = {MAY},
DOI = {10.1063/4.0000079},
Article-Number = {035101},
EISSN = {2329-7778},
ResearcherID-Numbers = {SchÃ¤fer, Sascha/AAV-3086-2021
   },
ORCID-Numbers = {Bach, Nora/0000-0002-2647-9473},
Unique-ID = {WOS:000663072300002},
}

@article{ WOS:000647763100027,
Author = {Roessle, Matthias and Leitenberger, Wolfram and Reinhardt, Matthias and
   Koc, Azize and Pudell, Jan and Kwamen, Christelle and Bargheer, Matias},
Title = {The time-resolved hard X-ray diffraction endstation KMC-3 XPP at BESSY
   II},
Journal = {JOURNAL OF SYNCHROTRON RADIATION},
Year = {2021},
Volume = {28},
Number = {3},
Pages = {948-960},
Month = {MAY},
DOI = {10.1107/S1600577521002484},
ISSN = {0909-0495},
EISSN = {1600-5775},
ORCID-Numbers = {Pudell, Jan-Etienne/0000-0001-8268-444X},
Unique-ID = {WOS:000647763100027},
}

@article{ WOS:000659129700004,
Author = {Alber, Lukas and Scalera, Valentino and Unikandanunni, Vivek and Schick,
   Daniel and Bonetti, Stefano},
Title = {NTMpy: An open source package for solving coupled parabolic differential
   equations in the framework of the three-temperature model},
Journal = {COMPUTER PHYSICS COMMUNICATIONS},
Year = {2021},
Volume = {265},
Month = {AUG},
DOI = {10.1016/j.cpc.2021.107990},
EarlyAccessDate = {APR 2021},
Article-Number = {107990},
ISSN = {0010-4655},
EISSN = {1879-2944},
ResearcherID-Numbers = {Bonetti, Stefano/U-1333-2019
   Schick, Daniel/C-5256-2016},
ORCID-Numbers = {Bonetti, Stefano/0000-0001-9352-2411
   Schick, Daniel/0000-0001-7988-6489},
Unique-ID = {WOS:000659129700004},
}

@article{ WOS:000632167100001,
Author = {Mattern, M. and Pudell, J. -E. and Laskin, G. and von Reppert, A. and
   Bargheer, M.},
Title = {Analysis of the temperature- and fluence-dependent magnetic stress in
   laser-excited SrRuO3},
Journal = {STRUCTURAL DYNAMICS-US},
Year = {2021},
Volume = {8},
Number = {2},
Month = {MAR},
DOI = {10.1063/4.0000072},
Article-Number = {024302},
EISSN = {2329-7778},
ORCID-Numbers = {Bargheer, Matias/0000-0002-0952-6602
   Pudell, Jan-Etienne/0000-0001-8268-444X},
Unique-ID = {WOS:000632167100001},
}

@article{ WOS:000606722500002,
Author = {Deb, Marwan and Popova, Elena and Zeuschner, Steffen Peer and Hehn,
   Michel and Keller, Niels and Mangin, Stephane and Malinowski, Gregory
   and Bargheer, Matias},
Title = {Generation of spin waves via spin-phonon interaction in a buried
   dielectric thin film},
Journal = {PHYSICAL REVIEW B},
Year = {2021},
Volume = {103},
Number = {2},
Month = {JAN 11},
DOI = {10.1103/PhysRevB.103.024411},
Article-Number = {024411},
ISSN = {2469-9950},
EISSN = {2469-9969},
ResearcherID-Numbers = {Mangin, Stephane/S-9013-2019
   },
ORCID-Numbers = {Mangin, Stephane/0000-0001-6046-0437
   Deb, Marwan/0000-0002-5777-5419
   Popova, Elena/0000-0002-7072-7323
   Zeuschner, Steffen Peer/0000-0003-2091-7476},
Unique-ID = {WOS:000606722500002},
}

@article{ WOS:000567479700001,
Author = {Pudell, Jan-Etienne and Mattern, Maximilian and Hehn, Michel and
   Malinowski, Gregory and Herzog, Marc and Bargheer, Matias},
Title = {Heat Transport without Heating?-An Ultrafast X-Ray Perspective into a
   Metal Heterostructure},
Journal = {ADVANCED FUNCTIONAL MATERIALS},
Year = {2020},
Volume = {30},
Number = {46},
Month = {NOV 11},
DOI = {10.1002/adfm.202004555},
EarlyAccessDate = {SEP 2020},
Article-Number = {2004555},
ISSN = {1616-301X},
EISSN = {1616-3028},
ResearcherID-Numbers = {Malinowski, Gregory/E-2867-2016
   },
ORCID-Numbers = {Malinowski, Gregory/0000-0003-1469-7438
   Bargheer, Matias/0000-0002-0952-6602
   Pudell, Jan-Etienne/0000-0001-8268-444X},
Unique-ID = {WOS:000567479700001},
}

@article{ WOS:000556413400010,
Author = {Bragaglia, V. and Ramsteiner, M. and Schick, D. and Boschker, J. E. and
   Mitzner, R. and Calarco, R. and Holldack, K.},
Title = {Phonon anharmonicities and ultrafast dynamics in epitaxial Sb2Te3},
Journal = {SCIENTIFIC REPORTS},
Year = {2020},
Volume = {10},
Number = {1},
Month = {JUL 31},
DOI = {10.1038/s41598-020-69663-y},
Article-Number = {12962},
ISSN = {2045-2322},
ORCID-Numbers = {Bragaglia, Valeria/0000-0003-0636-4211},
Unique-ID = {WOS:000556413400010},
}

@article{ WOS:000529279100001,
Author = {Du, Daniel X. and Flannigan, David J.},
Title = {Imaging phonon dynamics with ultrafast electron microscopy: Kinematical
   and dynamical simulations},
Journal = {STRUCTURAL DYNAMICS-US},
Year = {2020},
Volume = {7},
Number = {2},
Month = {MAR},
DOI = {10.1063/1.5144682},
Article-Number = {024103},
EISSN = {2329-7778},
ResearcherID-Numbers = {Flannigan, David/E-4449-2014},
ORCID-Numbers = {Du, Daniel/0000-0002-3999-2778
   Flannigan, David/0000-0002-1829-1868},
Unique-ID = {WOS:000529279100001},
}

@article{ WOS:000519725000010,
Author = {Bachiller-Perea, Diana and Abiven, Yves-Marie and Bisou, Jerome and
   Fertey, Pierre and Grybos, Pawel and Jarnac, Amelie and Kanout, Brahim
   and Koziol, Anna and Langlois, Florent and Laulh, Claire and Legrand,
   Fabien and Maj, Piotr and Menneglier, Claude and Noureddine, Arafat and
   Orsini, Fabienne and Thibaux, Gauthier and Dawiec, Arkadiusz},
Title = {First pump-probe-probe hard X-ray diffraction experiments with a 2D
   hybrid pixel detector developed at the SOLEIL synchrotron},
Journal = {JOURNAL OF SYNCHROTRON RADIATION},
Year = {2020},
Volume = {27},
Number = {2},
Pages = {340-350},
Month = {MAR},
DOI = {10.1107/S1600577520000612},
ISSN = {0909-0495},
EISSN = {1600-5775},
ResearcherID-Numbers = {Jarnac, Amelie/G-3433-2017
   Koziol, Anna E./A-8301-2012
   Bachiller-Perea, Diana/L-2433-2013
   Koziol, Anna/O-5472-2015},
ORCID-Numbers = {Jarnac, Amelie/0000-0002-1697-0234
   Koziol, Anna E./0000-0001-5339-7505
   Bachiller-Perea, Diana/0000-0002-4447-9194
   Koziol, Anna/0000-0002-5008-6047},
Unique-ID = {WOS:000519725000010},
}

@article{ WOS:000522326300001,
Author = {von Reppert, A. and Mattern, M. and Pudell, J. -E. and Zeuschner, S. P.
   and Dumesnil, K. and Bargheer, M.},
Title = {Unconventional picosecond strain pulses resulting from the saturation of
   magnetic stress within a photoexcited rare earth layer},
Journal = {STRUCTURAL DYNAMICS-US},
Year = {2020},
Volume = {7},
Number = {2},
Month = {MAR},
DOI = {10.1063/1.5145315},
Article-Number = {024303},
EISSN = {2329-7778},
ORCID-Numbers = {Pudell, Jan-Etienne/0000-0001-8268-444X
   Zeuschner, Steffen Peer/0000-0003-2091-7476
   Bargheer, Matias/0000-0002-0952-6602},
Unique-ID = {WOS:000522326300001},
}

@article{ WOS:000505777800008,
Author = {Burian, Max and Marmiroli, Benedetta and Radeticchio, Andrea and
   Morello, Christian and Naumenko, Denys and Biasiol, Giorgio and
   Amenitsch, Heinz},
Title = {Picosecond pump-probe X-ray scattering at the Elettra SAXS beamline},
Journal = {JOURNAL OF SYNCHROTRON RADIATION},
Year = {2020},
Volume = {27},
Number = {1},
Pages = {51-59},
Month = {JAN 1},
DOI = {10.1107/S1600577519015728},
ISSN = {0909-0495},
EISSN = {1600-5775},
ResearcherID-Numbers = {Naumenko, Denys O/B-2574-2010
   Biasiol, Giorgio/X-8255-2019
   Marmiroli, Benedetta/AAS-9807-2020
   },
ORCID-Numbers = {Naumenko, Denys O/0000-0002-6135-983X
   Biasiol, Giorgio/0000-0001-7974-5459
   Marmiroli, Benedetta/0000-0001-9172-9953
   Radeticchio, Andrea/0000-0001-9492-5060
   Burian, Max/0000-0001-6728-6347},
Unique-ID = {WOS:000505777800008},
}

@article{ WOS:000481614300002,
Author = {Pudell, J. -E. and Sander, M. and Bauer, R. and Bargheer, M. and Herzog,
   M. and Gaal, P.},
Title = {Full Spatiotemporal Control of Laser-Excited Periodic Surface
   Deformations},
Journal = {PHYSICAL REVIEW APPLIED},
Year = {2019},
Volume = {12},
Number = {2},
Month = {AUG 19},
DOI = {10.1103/PhysRevApplied.12.024036},
Article-Number = {024036},
ISSN = {2331-7019},
ResearcherID-Numbers = {Gaal, Peter/M-7005-2017
   },
ORCID-Numbers = {Gaal, Peter/0000-0002-5429-0045
   Pudell, Jan-Etienne/0000-0001-8268-444X},
Unique-ID = {WOS:000481614300002},
}

@article{ WOS:000474454400040,
Author = {Sander, Mathias and Bauer, Roman and Kabanova, Victoria and Levantino,
   Matteo and Wulff, Michael and Pfuetzenreuter, Daniel and Schwarzkopf,
   Jutta and Gaal, Peter},
Title = {Demonstration of a picosecond Bragg switch for hard X-rays in a
   synchrotron-based pump-probe experiment},
Journal = {JOURNAL OF SYNCHROTRON RADIATION},
Year = {2019},
Volume = {26},
Number = {4, SI},
Pages = {1253-1259},
Month = {JUL},
DOI = {10.1107/S1600577519005356},
EISSN = {1600-5775},
ResearcherID-Numbers = {Gaal, Peter/M-7005-2017
   Levantino, Matteo/ABE-5904-2020
   Levantino, Matteo/C-2433-2008
   },
ORCID-Numbers = {Gaal, Peter/0000-0002-5429-0045
   Levantino, Matteo/0000-0002-1224-4809
   Levantino, Matteo/0000-0002-1224-4809
   Wulff, Michael/0000-0003-3784-9019
   Kabanova, Victoria/0000-0002-3891-2991},
Unique-ID = {WOS:000474454400040},
}

@article{ WOS:000460720100003,
Author = {Pudell, J. and von Reppert, A. and Schick, D. and Zamponi, F. and
   Roessle, M. and Herzog, M. and Zabel, H. and Bargheer, M.},
Title = {Ultrafast negative thermal expansion driven by spin disorder},
Journal = {PHYSICAL REVIEW B},
Year = {2019},
Volume = {99},
Number = {9},
Month = {MAR 11},
DOI = {10.1103/PhysRevB.99.094304},
Article-Number = {094304},
ISSN = {2469-9950},
EISSN = {2469-9969},
ORCID-Numbers = {Pudell, Jan-Etienne/0000-0001-8268-444X},
Unique-ID = {WOS:000460720100003},
}

@article{ WOS:000466710000004,
Author = {Zeuschner, S. P. and Parpiiev, T. and Pezeril, T. and Hillion, A. and
   Dumesnil, K. and Anane, A. and Pudell, J. and Willig, L. and Roessle, M.
   and Herzog, M. and von Reppert, A. and Bargheer, M.},
Title = {Tracking picosecond strain pulses in heterostructures that exhibit giant
   magnetostriction},
Journal = {STRUCTURAL DYNAMICS-US},
Year = {2019},
Volume = {6},
Number = {2},
Month = {MAR},
DOI = {10.1063/1.5084140},
Article-Number = {24302},
EISSN = {2329-7778},
ResearcherID-Numbers = {Anane, Abdelmadjid/E-3314-2017
   },
ORCID-Numbers = {Anane, Abdelmadjid/0000-0001-5396-6165
   Pudell, Jan-Etienne/0000-0001-8268-444X
   Zeuschner, Steffen Peer/0000-0003-2091-7476},
Unique-ID = {WOS:000466710000004},
}

@article{ WOS:000445366200043,
Author = {von Reppert, A. and Willig, L. and Pudell, J. -E. and Roessle, M. and
   Leitenberger, W. and Herzog, M. and Ganss, F. and Hellwig, O. and
   Bargheer, M.},
Title = {Ultrafast laser generated strain in granular and continuous FePt thin
   films},
Journal = {APPLIED PHYSICS LETTERS},
Year = {2018},
Volume = {113},
Number = {12},
Month = {SEP 17},
DOI = {10.1063/1.5050234},
Article-Number = {123101},
ISSN = {0003-6951},
EISSN = {1077-3118},
ORCID-Numbers = {Pudell, Jan-Etienne/0000-0001-8268-444X},
Unique-ID = {WOS:000445366200043},
}

@article{ WOS:000442123600010,
Author = {Pudell, J. and Maznev, A. A. and Herzog, M. and Kronseder, M. and Back,
   C. H. and Malinowski, G. and von Reppert, A. and Bargheer, M.},
Title = {Layer specific observation of slow thermal equilibration in ultrathin
   metallic nanostructures by femtosecond X-ray diffraction},
Journal = {NATURE COMMUNICATIONS},
Year = {2018},
Volume = {9},
Month = {AUG 20},
DOI = {10.1038/s41467-018-05693-5},
Article-Number = {3335},
ISSN = {2041-1723},
ResearcherID-Numbers = {Back, Christian/A-8969-2012
   Back, Christian/AAD-7824-2021
   Malinowski, Gregory/E-2867-2016},
ORCID-Numbers = {Back, Christian/0000-0003-3840-0993
   Back, Christian/0000-0003-3840-0993
   Pudell, Jan-Etienne/0000-0001-8268-444X
   Malinowski, Gregory/0000-0003-1469-7438},
Unique-ID = {WOS:000442123600010},
}

@article{ WOS:000443893100005,
Author = {Li, Runze and Sundqvist, Kyle and Chen, Jie and Elsayed-Ali, H. E. and
   Zhang, Jie and Rentzepis, Peter M.},
Title = {Transient lattice deformations of crystals studied by means of ultrafast
   time-resolved x-ray and electron diffraction},
Journal = {STRUCTURAL DYNAMICS-US},
Year = {2018},
Volume = {5},
Number = {4},
Month = {JUL},
DOI = {10.1063/1.5029970},
Article-Number = {044501},
ISSN = {2329-7778},
ResearcherID-Numbers = {Li, Runze/ABF-1320-2020
   Li, Runze/R-3198-2017},
ORCID-Numbers = {Li, Runze/0000-0002-0154-2202
   Li, Runze/0000-0002-5067-9264},
Unique-ID = {WOS:000443893100005},
}

@article{ WOS:000414175400002,
Author = {Jarnac, A. and Wang, Xiaocui and Bengtsson, A. U. J. and Ekstrom, J. C.
   and Enquist, H. and Jurgilaitis, A. and Kroon, D. and Persson, A. I. H.
   and Pham, V. -T. and Tu, C. M. and Larsson, J.},
Title = {Communication: Demonstration of a 20 ps X-ray switch based on a
   photoacoustic transducer},
Journal = {STRUCTURAL DYNAMICS-US},
Year = {2017},
Volume = {4},
Number = {5},
Month = {SEP},
DOI = {10.1063/1.4993730},
Article-Number = {051102},
ISSN = {2329-7778},
ResearcherID-Numbers = {Jarnac, Amelie/G-3433-2017
   Wang, Xiaocui/K-7402-2018
   },
ORCID-Numbers = {Jarnac, Amelie/0000-0002-1697-0234
   Wang, Xiaocui/0000-0003-3667-8334
   Enquist, Henrik/0000-0002-4307-2851},
Unique-ID = {WOS:000414175400002},
}

@article{ WOS:000407934100007,
Author = {Sander, M. and Herzog, M. and Pudell, J. E. and Bargheer, M. and
   Weinkauf, N. and Pedersen, M. and Newby, G. and Sellmann, J. and
   Schwarzkopf, J. and Besse, V. and Temnov, V. V. and Gaal, P.},
Title = {Spatiotemporal Coherent Control of Thermal Excitations in Solids},
Journal = {PHYSICAL REVIEW LETTERS},
Year = {2017},
Volume = {119},
Number = {7},
Month = {AUG 18},
DOI = {10.1103/PhysRevLett.119.075901},
Article-Number = {075901},
ISSN = {0031-9007},
EISSN = {1079-7114},
ResearcherID-Numbers = {Gaal, Peter/M-7005-2017
   },
ORCID-Numbers = {Gaal, Peter/0000-0002-5429-0045
   Pedersen, Martin Nors/0000-0001-6975-5071
   Pudell, Jan-Etienne/0000-0001-8268-444X},
Unique-ID = {WOS:000407934100007},
}

@article{ WOS:000412810200001,
Author = {Koc, A. and Reinhardt, M. and von Reppert, A. and Roessle, M. and
   Leitenberger, W. and Dumesnil, K. and Gaal, P. and Zamponi, F. and
   Bargheer, M.},
Title = {Ultrafast x-ray diffraction thermometry measures the influence of spin
   excitations on the heat transport through nanolayers},
Journal = {PHYSICAL REVIEW B},
Year = {2017},
Volume = {96},
Number = {1},
Month = {JUL 25},
DOI = {10.1103/PhysRevB.96.014306},
Article-Number = {014306},
ISSN = {2469-9950},
EISSN = {2469-9969},
ResearcherID-Numbers = {Gaal, Peter/M-7005-2017},
ORCID-Numbers = {Gaal, Peter/0000-0002-5429-0045},
Unique-ID = {WOS:000412810200001},
}

@article{ WOS:000395031400007,
Author = {Cecchi, Stefano and Zallo, Eugenio and Momand, Jamo and Wang, Ruining
   and Kooi, Bart J. and Verheijen, Marcel A. and Calarco, Raffaella},
Title = {Improved structural and electrical properties in native
   Sb2Te3/GexSb2Te3+x van der Waals superlattices due to intermixing
   mitigation},
Journal = {APL MATERIALS},
Year = {2017},
Volume = {5},
Number = {2},
Month = {FEB},
DOI = {10.1063/1.4976828},
Article-Number = {026107},
ISSN = {2166-532X},
ResearcherID-Numbers = {Zallo, Eugenio/AAE-1548-2021
   Institute, Zernike/W-7033-2019
   Zallo, Eugenio/I-4064-2016
   Verheijen, Marcel/AAT-3889-2021
   },
ORCID-Numbers = {Zallo, Eugenio/0000-0003-1796-9777
   Zallo, Eugenio/0000-0003-1796-9777
   Kooi, Bart J./0000-0002-0311-4105
   Momand, Jamo/0000-0001-5153-2427
   Verheijen, Marcel/0000-0002-8749-7755
   Cecchi, Stefano/0000-0002-2243-7268},
Unique-ID = {WOS:000395031400007},
}

@article{ WOS:000388958200001,
Author = {Sander, M. and Koc, A. and Kwamen, C. T. and Michaels, H. and v.
   Reppert, A. and Pudell, J. and Zamponi, F. and Bargheer, M. and
   Sellmann, J. and Schwarzkopf, J. and Gaal, P.},
Title = {Characterization of an ultrafast Bragg-Switch for shortening hard x-ray
   pulses},
Journal = {JOURNAL OF APPLIED PHYSICS},
Year = {2016},
Volume = {120},
Number = {19},
Month = {NOV 21},
DOI = {10.1063/1.4967835},
Article-Number = {193101},
ISSN = {0021-8979},
EISSN = {1089-7550},
ResearcherID-Numbers = {Gaal, Peter/M-7005-2017
   },
ORCID-Numbers = {Gaal, Peter/0000-0002-5429-0045
   Michaels, Hannes/0000-0001-9126-7410
   Pudell, Jan-Etienne/0000-0001-8268-444X},
Unique-ID = {WOS:000388958200001},
}

@article{ WOS:000388000000056,
Author = {Persson, A. I. H. and Jarnac, A. and Wang, Xiaocui and Enquist, H. and
   Jurgilaitis, A. and Larsson, J.},
Title = {Studies of electron diffusion in photo-excited Ni using time-resolved
   X-ray diffraction},
Journal = {APPLIED PHYSICS LETTERS},
Year = {2016},
Volume = {109},
Number = {20},
Month = {NOV 14},
DOI = {10.1063/1.4967470},
Article-Number = {203115},
ISSN = {0003-6951},
EISSN = {1077-3118},
ResearcherID-Numbers = {Jarnac, Amelie/G-3433-2017
   Wang, Xiaocui/K-7402-2018},
ORCID-Numbers = {Jarnac, Amelie/0000-0002-1697-0234
   Enquist, Henrik/0000-0002-4307-2851
   Wang, Xiaocui/0000-0003-3667-8334},
Unique-ID = {WOS:000388000000056},
}

@article{ WOS:000387198400051,
Author = {Pavlenko, E. S. and Sander, M. and Cui, Q. and Bargheer, M.},
Title = {Gold Nanorods Sense the Ultrafast Viscoelastic Deformation of Polymers
   upon Molecular Strain Actuation},
Journal = {JOURNAL OF PHYSICAL CHEMISTRY C},
Year = {2016},
Volume = {120},
Number = {43},
Pages = {24957-24964},
Month = {NOV 3},
DOI = {10.1021/acs.jpcc.6b06915},
ISSN = {1932-7447},
Unique-ID = {WOS:000387198400051},
}

@article{ WOS:000387553300007,
Author = {Schick, Daniel and Eckert, Sebastian and Pontius, Niko and Mitzner, Rolf
   and Foehlisch, Alexander and Holldack, Karsten and Sorgenfrei, Florian},
Title = {Versatile soft X-ray-optical cross-correlator for ultrafast applications},
Journal = {STRUCTURAL DYNAMICS-US},
Year = {2016},
Volume = {3},
Number = {5},
Month = {SEP},
DOI = {10.1063/1.4964296},
Article-Number = {054304},
ISSN = {2329-7778},
ORCID-Numbers = {Pontius, Niko/0000-0002-5658-1751
   Sorgenfrei, Nomi Lucia Ada Nathalie/0000-0001-9179-8895
   Alexander, Fohlisch/0000-0003-4126-8233},
Unique-ID = {WOS:000387553300007},
}

@article{ WOS:000387553300005,
Author = {von Reppert, A. and Pudell, J. and Koc, A. and Reinhardt, M. and
   Leitenberger, W. and Dumesnil, K. and Zamponi, F. and Bargheer, M.},
Title = {Persistent nonequilibrium dynamics of the thermal energies in the spin
   and phonon systems of an antiferromagnet},
Journal = {STRUCTURAL DYNAMICS-US},
Year = {2016},
Volume = {3},
Number = {5},
Month = {SEP},
DOI = {10.1063/1.4961253},
Article-Number = {054302},
ISSN = {2329-7778},
ORCID-Numbers = {Pudell, Jan-Etienne/0000-0001-8268-444X},
Unique-ID = {WOS:000387553300005},
}

@article{ WOS:000369931600001,
Author = {Mitrofanov, Kirill V. and Fons, Paul and Makino, Kotaro and Terashima,
   Ryo and Shimada, Toru and Kolobov, Alexander V. and Tominaga, Junji and
   Bragaglia, Valeria and Giussani, Alessandro and Calarco, Raffaella and
   Riechert, Henning and Sato, Takahiro and Katayama, Tetsuo and Ogawa,
   Kanade and Togashi, Tadashi and Yabashi, Makina and Wall, Simon and
   Brewe, Dale and Hase, Muneaki},
Title = {Sub-nanometre resolution of atomic motion during electronic excitation
   in phase-change materials},
Journal = {SCIENTIFIC REPORTS},
Year = {2016},
Volume = {6},
Month = {FEB 12},
DOI = {10.1038/srep20633},
Article-Number = {20633},
ISSN = {2045-2322},
ResearcherID-Numbers = {Makino, Kotaro/M-5445-2014
   Bragaglia, Valeria/AAA-3276-2020
   Tominaga, Junji/K-8223-2018
   Riechert, Henning/G-4178-2016
   Sato, Takahiro/C-2306-2017
   Fons, Paul/AAK-9033-2020
   Kolobov, Alexander/L-1923-2018
   Wall, Simon/E-3771-2012
   Hase, Muneaki/A-9486-2009
   Yabashi, Makina/A-2832-2015
   Kolobov, Alexander/AAC-1164-2022
   Shimada, Toru/F-8628-2013
   Giussani, Alessandro/D-3419-2012
   Tominaga, Junji/AAG-6308-2020
   Mitrofanov, Kirill/R-4849-2017
   },
ORCID-Numbers = {Makino, Kotaro/0000-0002-2122-1617
   Tominaga, Junji/0000-0002-6433-6916
   Fons, Paul/0000-0002-7820-1924
   Kolobov, Alexander/0000-0002-8125-1172
   Wall, Simon/0000-0002-6136-0224
   Hase, Muneaki/0000-0003-4242-2546
   Yabashi, Makina/0000-0002-2472-1684
   Shimada, Toru/0000-0001-5408-1326
   Giussani, Alessandro/0000-0001-6255-391X
   Tominaga, Junji/0000-0002-6433-6916
   Mitrofanov, Kirill/0000-0002-2775-4123
   Bragaglia, Valeria/0000-0003-0636-4211},
Unique-ID = {WOS:000369931600001},
}

@article{ WOS:000379489000023,
Author = {Pavlenko, E. S. and Sander, M. and Mitzscherling, S. and Pudell, J. and
   Zamponi, F. and Roessle, M. and Bojahr, A. and Bargheer, M.},
Title = {Azobenzene - functionalized polyelectrolyte nanolayers as ultrafast
   optoacoustic transducers},
Journal = {NANOSCALE},
Year = {2016},
Volume = {8},
Number = {27},
Pages = {13297-13302},
DOI = {10.1039/c6nr01448h},
ISSN = {2040-3364},
EISSN = {2040-3372},
Unique-ID = {WOS:000379489000023},
}

@article{ WOS:000345386000015,
Author = {Maerten, L. and Bojahr, A. and Bargheer, M.},
Title = {Observing backfolded and unfolded acoustic phonons by broadband optical
   light scattering},
Journal = {ULTRASONICS},
Year = {2015},
Volume = {56},
Pages = {148-152},
Month = {FEB},
DOI = {10.1016/j.ultras.2014.08.023},
ISSN = {0041-624X},
EISSN = {1874-9968},
Unique-ID = {WOS:000345386000015},
}

@article{ WOS:000354990800001,
Author = {Schick, Daniel and Herzog, Marc and Bojahr, Andre and Leitenberger,
   Wolfram and Hertwig, Andreas and Shayduk, Roman and Bargheer, Matias},
Title = {Ultrafast lattice response of photoexcited thin films studied by X-ray
   diffraction},
Journal = {STRUCTURAL DYNAMICS-US},
Year = {2014},
Volume = {1},
Number = {6},
Month = {NOV},
DOI = {10.1063/1.4901228},
Article-Number = {064501},
EISSN = {2329-7778},
ResearcherID-Numbers = {Hertwig, Andreas/C-9701-2009
   Schick, Daniel/C-5256-2016},
ORCID-Numbers = {Hertwig, Andreas/0000-0002-1380-0109
   Schick, Daniel/0000-0001-7988-6489},
Unique-ID = {WOS:000354990800001},
}

@article{ WOS:000342496900001,
Author = {Fons, Paul and Rodenbach, Peter and Mitrofanov, Kirill V. and Kolobov,
   Alexander V. and Tominaga, Junji and Shayduk, Roman and Giussani,
   Alessandro and Calarco, Raffaella and Hanke, Michael and Riechert,
   Henning and Simpson, Robert E. and Hase, Muneaki},
Title = {Picosecond strain dynamics in Ge2Sb2Te5 monitored by time-resolved x-ray
   diffraction},
Journal = {PHYSICAL REVIEW B},
Year = {2014},
Volume = {90},
Number = {9},
Month = {SEP 25},
DOI = {10.1103/PhysRevB.90.094305},
Article-Number = {094305},
ISSN = {1098-0121},
EISSN = {1550-235X},
ResearcherID-Numbers = {Fons, Paul/E-2471-2011
   Tominaga, Junji/AAG-6308-2020
   Mitrofanov, Kirill/R-4849-2017
   Simpson, Robert E/C-7757-2013
   Fons, Paul/AAK-9033-2020
   Kolobov, Alexander/AAC-1164-2022
   Hanke, Michael/S-9246-2017
   Giussani, Alessandro/D-3419-2012
   Kolobov, Alexander/L-1923-2018
   Tominaga, Junji/K-8223-2018
   Hase, Muneaki/A-9486-2009
   Riechert, Henning/G-4178-2016},
ORCID-Numbers = {Fons, Paul/0000-0002-7820-1924
   Tominaga, Junji/0000-0002-6433-6916
   Mitrofanov, Kirill/0000-0002-2775-4123
   Simpson, Robert E/0000-0002-3499-4950
   Fons, Paul/0000-0002-7820-1924
   Giussani, Alessandro/0000-0001-6255-391X
   Kolobov, Alexander/0000-0002-8125-1172
   Tominaga, Junji/0000-0002-6433-6916
   Hase, Muneaki/0000-0003-4242-2546
   },
Unique-ID = {WOS:000342496900001},
}

@article{ WOS:000342910500097,
Author = {Zhang, B. B. and Sun, S. S. and Sun, D. R. and Tao, Y.},
Title = {Note: A novel normalization scheme for laser-based plasma x-ray sources},
Journal = {REVIEW OF SCIENTIFIC INSTRUMENTS},
Year = {2014},
Volume = {85},
Number = {9},
Month = {SEP},
DOI = {10.1063/1.4896252},
Article-Number = {096110},
ISSN = {0034-6748},
EISSN = {1089-7623},
ResearcherID-Numbers = {SUN, SHUAISHUAI/AAL-6216-2021
   },
ORCID-Numbers = {SUN, SHUAISHUAI/0000-0002-9363-3901
   Sun, Darui/0000-0003-3208-4790
   Zhang, Bingbing/0000-0003-0571-6385
   Tao, Ye/0000-0003-4770-4921},
Unique-ID = {WOS:000342910500097},
}

@article{ WOS:000332169000012,
Author = {Schick, Daniel and Herzog, Marc and Wen, Haidan and Chen, Pice and
   Adamo, Carolina and Gaal, Peter and Schlom, Darrell G. and Evans, Paul
   G. and Li, Yuelin and Bargheer, Matias},
Title = {Localized Excited Charge Carriers Generate Ultrafast Inhomogeneous
   Strain in the Multiferroic BiFeO3},
Journal = {PHYSICAL REVIEW LETTERS},
Year = {2014},
Volume = {112},
Number = {9},
Month = {MAR 3},
DOI = {10.1103/PhysRevLett.112.097602},
Article-Number = {097602},
ISSN = {0031-9007},
EISSN = {1079-7114},
ResearcherID-Numbers = {Adamo, Carlo/A-2909-2010
   Schlom, Darrell G/J-2412-2013
   Gaal, Peter/M-7005-2017
   Schick, Daniel/C-5256-2016
   Chen, Pice/J-3595-2015
   Evans, Paul G/A-9260-2009
   },
ORCID-Numbers = {Adamo, Carlo/0000-0002-2638-2735
   Schlom, Darrell G/0000-0003-2493-6113
   Gaal, Peter/0000-0002-5429-0045
   Schick, Daniel/0000-0001-7988-6489
   Chen, Pice/0000-0003-4401-5637
   Evans, Paul G/0000-0003-0421-6792
   Wen, Haidan/0000-0002-5427-175X},
Unique-ID = {WOS:000332169000012},
}

@article{ WOS:000331836900010,
Author = {Gaal, Peter and Schick, Daniel and Herzog, Marc and Bojahr, Andre and
   Shayduk, Roman and Goldshteyn, Jevgeni and Leitenberger, Wolfram and
   Vrejoiu, Ionela and Khakhulin, Dmitry and Wulff, Michael and Bargheer,
   Matias},
Title = {Ultrafast switching of hard X-rays},
Journal = {JOURNAL OF SYNCHROTRON RADIATION},
Year = {2014},
Volume = {21},
Number = {2},
Pages = {380-385},
Month = {MAR},
DOI = {10.1107/S1600577513031949},
ISSN = {0909-0495},
EISSN = {1600-5775},
ResearcherID-Numbers = {Schick, Daniel/C-5256-2016
   Khakhulin, Dmitry/AAV-1612-2020
   Gaal, Peter/M-7005-2017},
ORCID-Numbers = {Schick, Daniel/0000-0001-7988-6489
   Gaal, Peter/0000-0002-5429-0045},
Unique-ID = {WOS:000331836900010},
}

@article{ WOS:000330431000034,
Author = {Navirian, H. A. and Schick, D. and Gaal, P. and Leitenberger, W. and
   Shayduk, R. and Bargheer, M.},
Title = {Thermoelastic study of nanolayered structures using time-resolved X-ray
   diffraction at high repetition rate},
Journal = {APPLIED PHYSICS LETTERS},
Year = {2014},
Volume = {104},
Number = {2},
Month = {JAN 13},
DOI = {10.1063/1.4861873},
Article-Number = {021906},
ISSN = {0003-6951},
EISSN = {1077-3118},
ResearcherID-Numbers = {Schick, Daniel/C-5256-2016
   Gaal, Peter/M-7005-2017},
ORCID-Numbers = {Schick, Daniel/0000-0001-7988-6489
   Gaal, Peter/0000-0002-5429-0045},
Unique-ID = {WOS:000330431000034},
}
